@book{friedman2005reasoned,
  title={The reasoned schemer},
  author={Friedman, Daniel P and Byrd, William E and Kiselyov, Oleg},
  year={2005},
  publisher={MIT Press}
}

@phdthesis{byrd2009relational,
  title={Relational programming in {miniKanren}: Techniques, applications, and implementations},
  author={Byrd, William E},
  year={2009},
  school={Indiana University}
}

@inproceedings{Kiselyov:2008:PDC:1788446.1788456,
 title = {Pure, Declarative, and Constructive Arithmetic Relations (Declarative Pearl)},
 author = {Kiselyov, Oleg and Byrd, William E. and Friedman, Daniel P. and Shan, Chung-Chieh},
 year = {2008},
 address = {Berlin, Heidelberg}
} 